<?xml version="1.0" encoding="UTF-8"?><collection xmlns="http://www.loc.gov/MARC21/slim"><record><leader>00369nam--2200133-i-4500</leader><controlfield tag="001">000023795</controlfield><controlfield tag="002">20161230</controlfield><controlfield tag="005">20161230201035</controlfield><controlfield tag="008">060222s1000------------r-----000-0-eng-d</controlfield><datafield ind1=" " ind2=" " tag="080"><subfield code="a">519.682</subfield></datafield><datafield ind1=" " ind2=" " tag="100"><subfield code="a">Jitaru, M., Macarie, Casimir Si Niculescu, Stelian</subfield></datafield><datafield ind1=" " ind2=" " tag="245"><subfield code="a">Indrumator de limbaje de programare</subfield></datafield><datafield ind1=" " ind2=" " tag="260"><subfield code="a">Bucuresti, Editura Tehnica, 1978. 347p</subfield></datafield><datafield ind1=" " ind2=" " tag="852"><subfield code="a">46075</subfield></datafield></record></collection>